<?xml version="1.0" encoding="UTF-8"?><collection xmlns="http://www.loc.gov/MARC21/slim"><record><leader>00435nam--2200145-i-4500</leader><controlfield tag="001">000006595</controlfield><controlfield tag="002">20161230</controlfield><controlfield tag="005">20170116225038</controlfield><controlfield tag="008">060222s1000------------r-----000-0-eng-d</controlfield><datafield ind1=" " ind2=" " tag="100"><subfield code="a">Ablitt, J. F</subfield></datafield><datafield ind1=" " ind2=" " tag="245"><subfield code="a">Safety on the design, inspection and testing of a fissile irradiation experiment in a high flux reactor</subfield></datafield><datafield ind1=" " ind2=" " tag="260"><subfield code="a">Warrrington</subfield><subfield code="b">A.E.R.R</subfield><subfield code="c">1962</subfield></datafield><datafield ind1=" " ind2=" " tag="300"><subfield code="a">42 p.+5 fig</subfield></datafield><datafield ind1=" " ind2=" " tag="700"><subfield code="a">Plail, O. S</subfield></datafield><datafield ind1=" " ind2=" " tag="CAT"><subfield code="a">SYS</subfield><subfield code="c">20170116</subfield><subfield code="h">225038</subfield></datafield></record></collection>